@ARTICLE {j.h.foleissa.l.t.d'amatoa.f.dasilva2012,
    author  = "J. H. Foleiss, A. L. T. D'amato, A. F. da Silva",
    title   = "Dynamic Binary Translation - a Model Driven Approach",
    journal = "31st International Conference of the Chilean Computer Science Society",
    year    = "2012"
}
@ARTICLE {c.chaoz.juyug.haibingl.alei2009,
    author  = "C. Chao, Z. Juyu, G. Haibing, L. Alei",
    title   = "A Two-Phase Optimization Approach for Condition Codes in a Machine Adaptable Dynamic Binary Translator",
    journal = "World Congress on Computer Science and Information Engineering",
    year    = "2009"
}
@ARTICLE {x.chenz.zhengl.shenw.chenz.wang2011,
    author  = "X. Chen, Z. Zheng, L. Shen, W. Chen, Z. Wang",
    title   = "GSM: An Efficient Code Generation Algorithm for Dynamic Binary Translator",
    journal = "Fourth International Symposium on Parallel Architectures, Algorithms and Programming",
    year    = "2011"
}
@MISC {markprobst,
    author = "Mark Probst",
    title  = "Dynamic Binary Translation"
}
@ARTICLE {b.hawkingsb.demskyd.brueningq.zhao2015,
    author  = "B. Hawkings, B. Demsky, D. Bruening, Q. Zhao",
    title   = "Optimizing Binary Translation of Dynamically Generated Code",
    journal = "International Symposium on Code Generation and Optimization",
    year    = "2015"
}
@MISC {f.salgadoj.mendesa.tavaresm.ekpanyapong,
    author = "F. Salgado, J. Mendes, A. Tavares, M. Ekpanyapong",
    title  = "Leveraging On-Chip Debug Features for Condition Codes Handling in Dynamic Binary Translation"
}
@ONLINE {mikroelektronika,
    author = "MIKROELEKTRONIKA",
    title  = "3.1 TYPES OF INSTRUCTIONS",
    url    = "http://learn.mikroe.com/ebooks/8051programming/chapter/types-of-instructions/"
}
@ONLINE {microsemi,
	author = "Microsemi",
	title  = "SmartFusion2 Advanced Development Kit",
	url    = "www.microsemi.com/products/fpga-soc/design-resources/dev-kits/smartfusion2/smartfusion2-advanced-development-kit"
}
